@article{bk,
  author       = {Coenraad Bron and
                  Joep Kerbosch},
  title        = {Finding All Cliques of an Undirected Graph (Algorithm 457)},
  journal      = {Commun. {ACM}},
  volume       = {16},
  number       = {9},
  pages        = {575--576},
  year         = {1973}
}

@inproceedings{CFL,
  author       = {Fei Bi and
                  Lijun Chang and
                  Xuemin Lin and
                  Lu Qin and
                  Wenjie Zhang},
  editor       = {Fatma {\"{O}}zcan and
                  Georgia Koutrika and
                  Sam Madden},
  title        = {Efficient Subgraph Matching by Postponing Cartesian Products},
  booktitle    = {{SIGMOD}},
  pages        = {1199--1214},
  publisher    = {{ACM}},
  year         = {2016}
}

@inproceedings{CECI,
  author       = {Bibek Bhattarai and
                  Hang Liu and
                  H. Howie Huang},
  editor       = {Peter A. Boncz and
                  Stefan Manegold and
                  Anastasia Ailamaki and
                  Amol Deshpande and
                  Tim Kraska},
  title        = {{CECI:} Compact Embedding Cluster Index for Scalable Subgraph Matching},
  booktitle    = {{SIGMOD}},
  pages        = {1447--1462},
  publisher    = {{ACM}},
  year         = {2019}
}

@inproceedings{DP-iso,
  author       = {Myoungji Han and
                  Hyunjoon Kim and
                  Geonmo Gu and
                  Kunsoo Park and
                  Wook{-}Shin Han},
  editor       = {Peter A. Boncz and
                  Stefan Manegold and
                  Anastasia Ailamaki and
                  Amol Deshpande and
                  Tim Kraska},
  title        = {Efficient Subgraph Matching: Harmonizing Dynamic Programming, Adaptive
                  Matching Order, and Failing Set Together},
  booktitle    = {{SIGMOD}},
  pages        = {1429--1446},
  publisher    = {{ACM}},
  year         = {2019}
}

@inproceedings{VEQ,
  author       = {Hyunjoon Kim and
                  Yunyoung Choi and
                  Kunsoo Park and
                  Xuemin Lin and
                  Seok{-}Hee Hong and
                  Wook{-}Shin Han},
  editor       = {Guoliang Li and
                  Zhanhuai Li and
                  Stratos Idreos and
                  Divesh Srivastava},
  title        = {Versatile Equivalences: Speeding up Subgraph Query Processing and
                  Subgraph Matching},
  booktitle    = {{SIGMOD}},
  pages        = {925--937},
  publisher    = {{ACM}},
  year         = {2021}
}

@article{CaLiG,
  author       = {Rongjian Yang and
                  Zhijie Zhang and
                  Weiguo Zheng and
                  Jeffrey Xu Yu},
  title        = {Fast Continuous Subgraph Matching over Streaming Graphs via Backtracking
                  Reduction},
  journal      = {Proc. {ACM} Manag. Data},
  volume       = {1},
  number       = {1},
  pages        = {15:1--15:26},
  year         = {2023}
}

@article{GuP,
  author       = {Junya Arai and
                  Yasuhiro Fujiwara and
                  Makoto Onizuka},
  title        = {GuP: Fast Subgraph Matching by Guard-based Pruning},
  journal      = {Proc. {ACM} Manag. Data},
  volume       = {1},
  number       = {2},
  pages        = {167:1--167:26},
  year         = {2023}
}

@article{DBLP:journals/pacmmod/ZhangLZL24,
  author       = {Zhijie Zhang and
                  Yujie Lu and
                  Weiguo Zheng and
                  Xuemin Lin},
  title        = {A Comprehensive Survey and Experimental Study of Subgraph Matching:
                  Trends, Unbiasedness, and Interaction},
  journal      = {Proc. {ACM} Manag. Data},
  volume       = {2},
  number       = {1},
  pages        = {60:1--60:29},
  year         = {2024}
}

@inproceedings{DBLP:conf/sigmod/Sun020,
  author       = {Shixuan Sun and
                  Qiong Luo},
  editor       = {David Maier and
                  Rachel Pottinger and
                  AnHai Doan and
                  Wang{-}Chiew Tan and
                  Abdussalam Alawini and
                  Hung Q. Ngo},
  title        = {In-Memory Subgraph Matching: An In-depth Study},
  booktitle    = {{SIGMOD}},
  pages        = {1083--1098},
  publisher    = {{ACM}},
  year         = {2020}
}

@inproceedings{sigmod15,
  author       = {Devora Berlowitz and
                  Sara Cohen and
                  Benny Kimelfeld},
  title        = {Efficient Enumeration of Maximal k-Plexes},
  booktitle    = {{SIGMOD}},
  pages        = {431--444},
  publisher    = {{ACM}},
  year         = {2015}
}

@inproceedings{aaai2020maximal,
  author       = {Yi Zhou and
                  Jingwei Xu and
                  Zhenyu Guo and
                  Mingyu Xiao and
                  Yan Jin},
  title        = {Enumerating Maximal \emph{k}-Plexes with Worst-Case Time Guarantee},
  booktitle    = {{AAAI}},
  pages        = {2442--2449},
  publisher    = {{AAAI} Press},
  year         = {2020}
}

@inproceedings{maximal_qihao,
  author       = {Qihao Cheng and
                  Da Yan and
                  Tianhao Wu and
                  Lyuheng Yuan and
                  Ji Cheng and
                  Zhongyi Huang and
                  Yang Zhou},
  title        = {Efficient Enumeration of Large Maximal k-Plexes},
  booktitle    = {{EDBT}},
  pages        = {53--65},
  publisher    = {OpenProceedings.org},
  year         = {2025}
}

@article{jalal_vldbj,
  author       = {Jalal Khalil and
                  Da Yan and
                  Guimu Guo and
                  Lyuheng Yuan},
  title        = {Parallel mining of large maximal quasi-cliques},
  journal      = {{VLDB} J.},
  volume       = {31},
  number       = {4},
  pages        = {649--674},
  year         = {2022}
}

@article{tfsm,
  author       = {Lyuheng Yuan and
                  Da Yan and
                  Wenwen Qu and
                  Saugat Adhikari and
                  Jalal Khalil and
                  Cheng Long and
                  Xiaoling Wang},
  title        = {{T-FSM:} {A} Task-Based System for Massively Parallel Frequent Subgraph
                  Pattern Mining from a Big Graph},
  journal      = {Proc. {ACM} Manag. Data},
  volume       = {1},
  number       = {1},
  pages        = {74:1--74:26},
  year         = {2023}
}

@article{prefixfpm,
  author       = {Da Yan and
                  Wenwen Qu and
                  Guimu Guo and
                  Xiaoling Wang and
                  Yang Zhou},
  title        = {PrefixFPM: a parallel framework for general-purpose mining of frequent
                  and closed patterns},
  journal      = {{VLDB} J.},
  volume       = {31},
  number       = {2},
  pages        = {253--286},
  year         = {2022}
}

@article{guimu_vldb,
  author       = {Guimu Guo and
                  Da Yan and
                  M. Tamer {\"{O}}zsu and
                  Zhe Jiang and
                  Jalal Khalil},
  title        = {Scalable Mining of Maximal Quasi-Cliques: An Algorithm-System Codesign
                  Approach},
  journal      = {Proc. {VLDB} Endow.},
  volume       = {14},
  number       = {4},
  pages        = {573--585},
  year         = {2020}
}

@article{gthinker2,
  author       = {Da Yan and
                  Guimu Guo and
                  Jalal Khalil and
                  M. Tamer {\"{O}}zsu and
                  Wei{-}Shinn Ku and
                  John C. S. Lui},
  title        = {G-thinker: a general distributed framework for finding qualified subgraphs
                  in a big graph with load balancing},
  journal      = {{VLDB} J.},
  volume       = {31},
  number       = {2},
  pages        = {287--320},
  year         = {2022}
}

@inproceedings{gthinker,
  author       = {Da Yan and
                  Guimu Guo and
                  Md Mashiur Rahman Chowdhury and
                  M. Tamer {\"{O}}zsu and
                  Wei{-}Shinn Ku and
                  John C. S. Lui},
  title        = {G-thinker: {A} Distributed Framework for Mining Subgraphs in a Big
                  Graph},
  booktitle    = {{ICDE}},
  pages        = {1369--1380},
  publisher    = {{IEEE}},
  year         = {2020}
}

@inproceedings{t-thinker,
  author       = {Da Yan and
                  Guimu Guo and
                  Md Mashiur Rahman Chowdhury and
                  M. Tamer {\"{O}}zsu and
                  John C. S. Lui and
                  Weida Tan},
  editor       = {Jeffrey K. Hollingsworth and
                  Idit Keidar},
  title        = {T-thinker: a task-centric distributed framework for compute-intensive
                  divide-and-conquer algorithms},
  booktitle    = {{PPoPP}},
  pages        = {411--412},
  publisher    = {{ACM}},
  year         = {2019}
}

@inproceedings{tdfs,
  author       = {Lyuheng Yuan and
                  Da Yan and
                  Jiao Han and
                  Akhlaque Ahmad and
                  Yang Zhou and
                  Zhe Jiang},
  title        = {Faster Depth-First Subgraph Matching on GPUs},
  booktitle    = {{ICDE}},
  pages        = {3151--3163},
  publisher    = {{IEEE}},
  year         = {2024}
}

@article{kPlexT,
  author  = {Lijun Chang and
             Kai Yao},
  title   = {Maximum k-Plex Computation: Theory and Practice},
  journal = {Proc. {ACM} Manag. Data},
  volume  = {2},
  number  = {1},
  pages   = {63:1--63:26},
  year    = {2024}
}

@inproceedings{DiseMKP,
  author    = {Hua Jiang and
               Fusheng Xu and
               Zhifei Zheng and
               Bowen Wang and
               Wei Zhou},
  title     = {A Refined Upper Bound and Inprocessing for the Maximum K-plex Problem},
  booktitle = {{IJCAI}},
  pages     = {5613--5621},
  publisher = {ijcai.org},
  year      = {2023}
}

@inproceedings{Maple,
  author    = {Zhengren Wang and
               Yi Zhou and
               Chunyu Luo and
               Mingyu Xiao},
  title     = {A Fast Maximum k-Plex Algorithm Parameterized by the Degeneracy Gap},
  booktitle = {{IJCAI}},
  pages     = {5648--5656},
  publisher = {ijcai.org},
  year      = {2023}
}

@article{kPlexS,
  author  = {Lijun Chang and
             Mouyi Xu and
             Darren Strash},
  title   = {Efficient Maximum k-Plex Computation over Large Sparse Graphs},
  journal = {Proc. {VLDB} Endow.},
  volume  = {16},
  number  = {2},
  pages   = {127--139},
  year    = {2022}
}

@inproceedings{Maplex,
  author    = {Yi Zhou and
               Shan Hu and
               Mingyu Xiao and
               Zhang{-}Hua Fu},
  title     = {Improving Maximum k-plex Solver via Second-Order Reduction and Graph
               Color Bounding},
  booktitle = {{AAAI}},
  pages     = {12453--12460},
  publisher = {{AAAI} Press},
  year      = {2021}
}

@inproceedings{KpLeX-MKP,
  author    = {Hua Jiang and
               Dongming Zhu and
               Zhichao Xie and
               Shaowen Yao and
               Zhang{-}Hua Fu},
  title     = {A New Upper Bound Based on Vertex Partitioning for the Maximum K-plex
               Problem},
  booktitle = {{IJCAI}},
  pages     = {1689--1696},
  publisher = {ijcai.org},
  year      = {2021}
}

@inproceedings{BnB,
  author    = {Jian Gao and
               Jiejiang Chen and
               Minghao Yin and
               Rong Chen and
               Yiyuan Wang},
  title     = {An Exact Algorithm for Maximum k-Plexes in Massive Graphs},
  booktitle = {{IJCAI}},
  pages     = {1449--1455},
  publisher = {ijcai.org},
  year      = {2018}
}

@inproceedings{BS,
  author    = {Mingyu Xiao and
               Weibo Lin and
               Yuanshun Dai and
               Yifeng Zeng},
  title     = {A Fast Algorithm to Compute Maximum \emph{k}-Plexes in Social Network
               Analysis},
  booktitle = {{AAAI}},
  pages     = {919--925},
  publisher = {{AAAI} Press},
  year      = {2017}
}

@article{seesaw,
  author  = {Jiongzhi Zheng and
             Mingming Jin and
             Yan Jin and
             Kun He},
  title   = {Two New Upper Bounds for the Maximum k-plex Problem},
  journal = {CoRR},
  volume  = {abs/2301.07300},
  year    = {2023}
}

@inproceedings{Quantum-kplex,
  author    = {Xiaofan Li and
               Gao Cong and
               Rui Zhou},
  title     = {Quantum Algorithms for the Maximum K-Plex Problem},
  booktitle = {{ICDE}},
  pages     = {2435--2448},
  publisher = {{IEEE}},
  year      = {2024}
}

@article{seidman1978graph,
  title     = {A Graph-Theoretic Generalization of the Clique Concept},
  author    = {Seidman, Stephen B and Foster, Brian L},
  journal   = {Journal of Mathematical Sociology},
  volume    = {6},
  number    = {1},
  pages     = {139--154},
  year      = {1978},
  publisher = {Taylor \& Francis}
}

@article{seidman1983network,
  title={Network structure and minimum degree},
  author={Seidman, Stephen B},
  journal={Social networks},
  volume={5},
  number={3},
  pages={269--287},
  year={1983},
  publisher={Elsevier}
}

@article{bz,
  author  = {Vladimir Batagelj and
             Matjaz Zaversnik},
  title   = {An O(m) Algorithm for Cores Decomposition of Networks},
  journal = {CoRR},
  volume  = {cs.DS/0310049},
  year    = {2003},
  url     = {http://arxiv.org/abs/cs/0310049}
}

@inproceedings{d2k,
  author    = {Alessio Conte and
               Tiziano De Matteis and
               Daniele De Sensi and
               Roberto Grossi and
               Andrea Marino and
               Luca Versari},
  title     = {{D2K:} Scalable Community Detection in Massive Networks via Small-Diameter
               k-Plexes},
  booktitle = {{KDD}},
  pages     = {1272--1281},
  publisher = {{ACM}},
  year      = {2018}
}

@inproceedings{cikm22maximal,
  author    = {Qiangqiang Dai and
               Rong{-}Hua Li and
               Hongchao Qin and
               Meihao Liao and
               Guoren Wang},
  title     = {Scaling Up Maximal \emph{k}-plex Enumeration},
  booktitle = {{CIKM}},
  pages     = {345--354},
  publisher = {{ACM}},
  year      = {2022}
}

@mis{hamming6-2,
  title        = {hamming6-2},
  howpublished = {\url{https://networkrepository.com/hamming6-2.php}}
}
@mis{johnson8-4-4,
  title        = {johnson8-4-4},
  howpublished = {\url{https://networkrepository.com/johnson8-4-4.php}}
}
@mis{keller4,
  title        = {keller4},
  howpublished = {\url{https://networkrepository.com/keller4.php}}
}
@mis{brock200-2,
  title        = {brock200-2},
  howpublished = {\url{https://networkrepository.com/brock200-2.php}}
}
@mis{p-hat500-1,
  title        = {p-hat500-1},
  howpublished = {\url{https://networkrepository.com/p-hat500-1.php}}
}
@mis{socfb-Duke14,
  title        = {socfb-Duke14},
  howpublished = {\url{https://networkrepository.com/socfb-Duke14.php}}
}
@mis{ia-wiki-Talk,
  title        = {ia-wiki-Talk},
  howpublished = {\url{https://networkrepository.com/ia-wiki-Talk.php}}
}
@mis{soc-buzznet,
  title        = {soc-buzznet},
  howpublished = {\url{https://networkrepository.com/soc-buzznet.php}}
}
@mis{soc-LiveMocha,
  title        = {soc-LiveMocha},
  howpublished = {\url{https://networkrepository.com/soc-LiveMocha.php}}
}
@mis{soc-gowalla,
  title        = {soc-gowalla},
  howpublished = {\url{https://networkrepository.com/soc-gowalla.php}}
}
@mis{sc-msdoor,
  title        = {sc-msdoor},
  howpublished = {\url{https://networkrepository.com/sc-msdoor.php}}
}
@mis{soc-youtube,
  title        = {soc-youtube},
  howpublished = {\url{https://networkrepository.com/soc-youtube.php}}
}
@mis{soc-digg,
  title        = {soc-digg},
  howpublished = {\url{https://networkrepository.com/soc-digg.php}}
}
@mis{sc-ldoor,
  title        = {sc-ldoor},
  howpublished = {\url{https://networkrepository.com/sc-ldoor.php}}
}
@mis{soc-youtube-snap,
  title        = {soc-youtube-snap},
  howpublished = {\url{https://networkrepository.com/soc-youtube-snap.php}}
}
@mis{soc-lastfm,
  title        = {soc-lastfm},
  howpublished = {\url{https://networkrepository.com/soc-lastfm.php}}
}
@mis{soc-pokec,
  title        = {soc-pokec},
  howpublished = {\url{https://networkrepository.com/soc-pokec.php}}
}
@mis{socfb-B-anon,
  title        = {socfb-B-anon},
  howpublished = {\url{https://networkrepository.com/socfb-B-anon.php}}
}
@mis{soc-orkut,
  title        = {soc-orkut},
  howpublished = {\url{https://networkrepository.com/soc-orkut.php}}
}
@mis{socfb-A-anon,
  title        = {socfb-A-anon},
  howpublished = {\url{https://networkrepository.com/socfb-A-anon.php}}
}

@article{bader2003automated,
  title={An Automated Method for Finding Molecular Complexes in Large Protein Interaction Networks},
  author={Bader, Gary D and Hogue, Christopher WV},
  journal={BMC bioinformatics},
  volume={4},
  number={1},
  pages={2},
  year={2003},
  publisher={BioMed Central}
}

@article{bu2003topological,
  title={Topological Structure Analysis of the Protein-Protein Interaction Network in Budding Yeast},
  author={Bu, Dongbo and Zhao, Yi and Cai, Lun and Xue, Hong and Zhu, Xiaopeng and Lu, Hongchao and Zhang, Jingfen and Sun, Shiwei and Ling, Lunjiang and Zhang, Nan and others},
  journal={Nucleic acids research},
  volume={31},
  number={9},
  pages={2443--2450},
  year={2003},
  publisher={Oxford University Press}
}A

@article{hu2005mining,
  title={Mining Coherent Dense Subgraphs Across Massive Biological Networks for Functional Discovery},
  author={Hu, Haiyan and Yan, Xifeng and Huang, Yu and Han, Jiawei and Zhou, Xianghong Jasmine},
  journal={Bioinformatics},
  volume={21},
  number={suppl\_1},
  pages={i213--i221},
  year={2005},
  publisher={Oxford University Press}
}

@inproceedings{ucar2006improving,
  title={Improving Functional Modularity in Protein-Protein Interactions Graphs using Hub-Induced Subgraphs},
  author={Ucar, Duygu and Asur, Sitaram and Catalyurek, Umit and Parthasarathy, Srinivasan},
  booktitle={European Conference on Principles of Data Mining and Knowledge Discovery},
  pages={371--382},
  year={2006},
  organization={Springer}
}

@article{li2014uncovering,
  title={Uncovering the Overlapping Community Structure of Complex Networks by Maximal Cliques},
  author={Li, Junqiu and Wang, Xingyuan and Cui, Yaozu},
  journal={Physica A: Statistical Mechanics and its Applications},
  volume={415},
  pages={398--406},
  year={2014},
  publisher={Elsevier}
}

@article{hopcroft2004tracking,
  title={Tracking Evolving Communities in Large Linked Networks},
  author={Hopcroft, John and Khan, Omar and Kulis, Brian and Selman, Bart},
  journal={Proceedings of the National Academy of Sciences},
  volume={101},
  number={suppl 1},
  pages={5249--5253},
  year={2004},
  publisher={National Acad Sciences}
}

@inproceedings{weiss2015tracking,
  title={Tracking Criminals on Facebook: A Case Study from a Digital Forensics REU Program},
  author={Weiss, Daniel and Warner, Gary},
  booktitle = {Proceedings of Annual ADFSL Conference on Digital Forensics, Security and Law},
  pages={1--11},
  year={2015}
}

@inproceedings{ecrime,
  author    = {Brian K. Tanner and
               Gary Warner and
               Henry Stern and
               Scott Olechowski},
  title     = {Koobface: The Evolution of the Social Botnet},
  booktitle = {{eCrime}},
  pages     = {1--10},
  publisher = {{IEEE}},
  year      = {2010}
}

@inproceedings{sac,
  author    = {Chun Wei and
               Alan Sprague and
               Gary Warner and
               Anthony Skjellum},
  editor    = {Roger L. Wainwright and
               Hisham Haddad},
  title     = {Mining Spam Email to Identify Common Origins for Forensic Application},
  booktitle = {{ACM Symposium on Applied Computing}},
  pages     = {1433--1437},
  publisher = {{ACM}},
  year      = {2008}
}

@inproceedings{sheng2009empirical,
  title={An Empirical Analysis of Phishing Blacklists},
  author={Sheng, Steve and Wardman, Brad and Warner, Gary and Cranor, Lorrie and Hong, Jason and Zhang, Chengshan},
  year={2009},
  booktitle = {6th Conference on Email and Anti-Spam (CEAS)},
  pages={1--10},
  publisher={Carnegie Mellon University}
}

@article{pattillo2013clique,
  title={On Clique Relaxation Models in Network Analysis},
  author={Pattillo, Jeffrey and Youssef, Nataly and Butenko, Sergiy},
  journal={European Journal of Operational Research},
  volume={226},
  number={1},
  pages={9--18},
  year={2013},
  publisher={Elsevier}
}

@inproceedings{www22maximal,
  author       = {Zhengren Wang and
                  Yi Zhou and
                  Mingyu Xiao and
                  Bakhadyr Khoussainov},
  title        = {Listing Maximal k-Plexes in Large Real-World Graphs},
  booktitle    = {{WWW}},
  pages        = {1517--1527},
  publisher    = {{ACM}},
  year         = {2022}
}

@inproceedings{kdd17,
  author       = {Alessio Conte and
                  Donatella Firmani and
                  Caterina Mordente and
                  Maurizio Patrignani and
                  Riccardo Torlone},
  title        = {Fast Enumeration of Large k-Plexes},
  booktitle    = {{KDD}},
  pages        = {115--124},
  publisher    = {{ACM}},
  year         = {2017}
}

@article{DBLP:journals/jcss/LewisY80,
  author       = {John M. Lewis and
                  Mihalis Yannakakis},
  title        = {The Node-Deletion Problem for Hereditary Properties is NP-Complete},
  journal      = {J. Comput. Syst. Sci.},
  volume       = {20},
  number       = {2},
  pages        = {219--230},
  year         = {1980}
}

@article{DBLP:journals/ior/BalasundaramBH11,
  author       = {Balabhaskar Balasundaram and
                  Sergiy Butenko and
                  Illya V. Hicks},
  title        = {Clique Relaxations in Social Network Analysis: The Maximum \emph{k}-Plex
                  Problem},
  journal      = {Oper. Res.},
  volume       = {59},
  number       = {1},
  pages        = {133--142},
  year         = {2011}
}

@misc{tech_report,
    year = 2024,
    title        = {{Full Technical Report}},
    howpublished = {\url{https://github.com/akhlaqueak/MKP-Study/Technical_Report.pdf}},
}